@misc{mospi2011,
  author       = {{Ministry of Statistics and Programme Implementation}},
  title        = {Key Indicators of Household Consumer Expenditure in India, 2011–12 (NSS 68th Round)},
  year         = {2013},
  howpublished = {\url{https://www.mospi.gov.in/sites/default/files/publication_reports/KI-68th-HCE.pdf}},
  note         = {Accessed: 2025-06-01}
}

@misc{mospi2023,
  author       = {{Ministry of Statistics and Programme Implementation}},
  title        = {Household Consumption Expenditure Survey 2022–23 (NSS 75th Round)},
  year         = {2024},
  howpublished = {\url{https://www.mospi.gov.in/sites/default/files/publication_reports/Report_591_HCES_2022-23New.pdf}},
  note         = {Accessed: 2025-06-01}
}

@article{engel1895,
  author  = {Engel, Ernst},
  title   = {Die Lebenskosten belgischer Arbeiter-Familien fruher und jetzt},
  journal = {International Statistical Institute Bulletin},
  year    = {1895},
  volume  = {9},
  pages   = {1--124}
}

@book{friedman1976,
  author    = {Friedman, Milton},
  title     = {Inflation and Unemployment},
  publisher = {Institute of Economic Affairs},
  year      = {1976}
}

@article{datt2020inflation,
  author  = {Datt, Gaurav and Ravallion, Martin},
  title   = {Why Has Consumption Inequality in India Declined?},
  journal = {The Economic Journal},
  year    = {2020},
  volume  = {130},
  number  = {629},
  pages   = {1557--1584},
  doi     = {10.1093/ej/ueaa061}
}

@article{chand2018food,
  author  = {Chand, Ramesh and Jumrani, Jaspal},
  title   = {Food Inflation and Food Consumption Pattern in India: Implications for Food Security},
  journal = {Economic and Political Weekly},
  year    = {2018},
  volume  = {53},
  number  = {9},
  pages   = {5--12}
}

@misc{rbi2024,
  author       = {Reserve Bank of India},
  title        = {Monetary Policy Framework},
  howpublished = {\url{https://www.rbi.org.in/home.aspx}},
  year         = {2024},
  note         = {Accessed: 2025-06-01}
}

@article{saha2022impact,
  title={Impact of Inflation on Consumption Pattern of Households},
  author={Saha, Amit},
  journal={Pragati: Journal of Indian Economy},
  volume={9},
  number={2},
  pages={66--78},
  year={2022},
  doi={10.17492/jpi.pragati.v9i2.922204},
  url={https://www.journalpressindia.com/pragati-journal-of-indian-economy/doi/10.17492/jpi.pragati.v9i2.922204}
}


@article{chakrabarty2019analysis,
  title={An Analysis of the Determinants of Household Consumption Expenditure and Poverty in India},
  author={Chakrabarty, Manisha and Sahu, Sanjaya Kumar},
  journal={Economies},
  volume={7},
  number={4},
  pages={96},
  year={2019},
  doi={10.3390/economies7040096},
  url={https://www.mdpi.com/2227-7099/7/4/96}
}


@article{bansal2025measuring,
  title={Measuring Inflation Inequality in India},
  author={Bansal, Rohan and Bansal, Prachi},
  journal={Working Paper},
  year={2025},
  url={https://www.researchgate.net/publication/392137805_Measuring_Inflation_Inequality_in_India}
}


@techreport{anand2016understanding,
  title={Understanding India's Food Inflation: The Role of Demand and Supply Factors},
  author={Anand, Rahul and Kumar, Sonali Das},
  institution={International Monetary Fund},
  type={IMF Working Paper},
  number={WP/16/2},
  year={2016},
  url={https://www.imf.org/external/pubs/ft/wp/2016/wp1602.pdf}
}


@article{de2021effects,
  title={Effects of Monetary Policy on Food Inequality in India},
  author={De, Kuhelika and Kakar, Vikram},
  journal={The Journal of Development Studies},
  volume={57},
  number={11},
  pages={1852--1870},
  year={2021},
  doi={10.1080/00220388.2021.1906861},
  url={https://www.tandfonline.com/doi/full/10.1080/00220388.2021.1906861}
}


@article{ghosh2009consumer,
  title={Consumer Expenditure Distribution in India, 1983–2007: Evidence of a Long Pareto Tail},
  author={Ghosh, Abhik and Gangopadhyay, Kausik and Basu, B.},
  journal={arXiv preprint arXiv:0912.5420},
  year={2009},
  url={https://arxiv.org/abs/0912.5420}
}


@article{sahasranaman2019dynamics,
  title={Dynamics of Reallocation within India's Income Distribution},
  author={Sahasranaman, Anand and Jensen, Henrik Jeldtoft},
  journal={arXiv preprint arXiv:1909.04452},
  year={2019},
  url={https://arxiv.org/abs/1909.04452}
}


@article{sahasranaman2020income,
  title={Income Distribution and Inequality in India: 2014–19},
  author={Sahasranaman, Anand and Kumar, Nishanth},
  journal={arXiv preprint arXiv:2010.03602},
  year={2020},
  url={https://arxiv.org/abs/2010.03602}
}


@article{malhotra2017understanding,
  title={Understanding Food Inflation in India: A Machine Learning Approach},
  author={Malhotra, Akash and Maloo, Mayank},
  journal={arXiv preprint arXiv:1701.08789},
  year={2017},
  url={https://arxiv.org/abs/1701.08789}
}


@article{imf2023inequality,
  title={Inequality and Poverty in India: Impact of COVID-19 Pandemic and Policy Response},
  author={International Monetary Fund},
  journal={IMF Working Papers},
  volume={2023},
  number={147},
  year={2023},
  doi={10.5089/9798400247873.001.A001},
  url={https://www.elibrary.imf.org/view/journals/001/2023/147/article-A001-en.xml}
}


@misc{shivakumar2023regional,
  title={Regional Estimates of Household Poverty, Consumption Expenditure and Inequality in India},
  author={Shivakumar and Niranjan, R.},
  year={2023},
  institution={Gokhale Institute of Politics and Economics},
  url={https://gipe.ac.in/regional-estimates-of-household-poverty-consumption-expenditure-and-inequality-in-india/}
}


@article{garhwal2024dynamics,
  title={The Dynamics of Household Consumption},
  author={Garhwal, Harshvardhan Singh and Malik, Subash Chandra},
  journal={The Hindu},
  year={2024},
  url={https://www.thehindu.com/opinion/op-ed/the-dynamics-of-household-consumption/article67917526.ece}
}


@article{yourstory2024spending,
  title={India's Spending Story: HCES 2022–23 Reveals Inequality, Inflation Woes, and Regional Disparities},
  author={YourStory},
  journal={YourStory},
  year={2024},
  url={https://yourstory.com/2024/02/indias-hces-reveals-inequality-inflation-regional-disparities}
}


@article{subramanian2024household,
  title={The Household Consumption Expenditure Survey 2022–23},
  author={Subramanian, S.},
  journal={The India Forum},
  year={2024},
  url={https://www.theindiaforum.in/economy/household-consumption-expenditure-survey-2022-23}
}


@article{bardhan2025indian,
  title={Indian Consumption Expenditure Survey: Focusing Beyond the Trends},
  author={Bardhan, Arya Roy},
  journal={Observer Research Foundation},
  year={2025},
  url={https://www.orfonline.org/expert-speak/indian-consumption-expenditure-survey-focusing-beyond-the-trends}
}

@article{abraham2021employment,
  title={Down and out? The gendered impact of the Covid-19 pandemic on India's labour market},
  author={Abraham, R. and Basole, A. and Kesar, S.},
  journal={Centre for Sustainable Employment, Azim Premji University},
  year={2021}
}

@article{kapoor2021gig,
  title={COVID-19 and the State of India’s Gig Economy},
  author={Kapoor, R. and Ravi, S.},
  journal={Brookings India Impact Series},
  year={2021}
}

@article{deshpande2020falling,
  title={The COVID-19 pandemic and lockdown: First effects on employment and income in India},
  author={Deshpande, A.},
  journal={Global Labour Journal},
  year={2020}
}

@article{jalan2003household,
  title={Household income dynamics in rural China},
  author={Jalan, J. and Ravallion, M.},
  journal={World Bank Policy Research Working Paper},
  year={2003},
  number={2706}
}

@article{balboni2021enduring,
  title={Why do people stay poor?},
  author={Balboni, C. and others},
  journal={MIT Working Paper},
  year={2021}
}

@article{kesar2021pandemic,
  title={Pandemic and employment: Evidence from the informal economy in India},
  author={Kesar, S. and Abraham, R. and Lahoti, R. and Nath, P. and Basole, A.},
  journal={Indian Journal of Labour Economics},
  year={2021}
}

@article{dreze2021covid,
  title={The Covid-19 Crisis and People’s Right to Food},
  author={Dreze, J. and Somanchi, A.},
  journal={Ideas for India},
  year={2021}
}

@article{mehta2020delhi,
  title={COVID-19 and the State of the Urban Poor in Delhi},
  author={Mehta, B. and Sarkar, S.},
  journal={Institute for Human Development},
  year={2020}
}

@article{vyas2020methodology,
  title={Understanding CMIE's Consumer Pyramids Household Survey},
  author={Vyas, M.},
  journal={Economic & Political Weekly},
  year={2020}
}

@article{singh2019digital,
  title={Digital India and its impact on Consumer Behaviour},
  author={Singh, A. and Dey, R.},
  journal={International Journal of Research in Engineering, IT and Social Sciences},
  year={2019},
  volume={9},
  number={3},
  pages={85--91}
}

@article{sharma2021luxury,
  title={Rising Luxury Consumption in India: Trends and Implications},
  author={Sharma, A. and Bansal, A.},
  journal={Journal of Emerging Market Trends},
  year={2021},
  pages={45--55}
}


Here is the BibTeX format for the references you provided:

```bibtex
@book{friedman1963inflation,
  author    = {Milton Friedman},
  title     = {Inflation: Causes and Consequences},
  year      = {1963},
  publisher = {Asia Publishing House}
}

@misc{nso2023household,
  author       = {National Statistical Office},
  title        = {Household Consumption Expenditure Survey 2022-23 – Key Findings},
  year         = {2023},
  howpublished = {\url{https://mospi.gov.in}},
  note         = {Accessed 2025-06-24}
}

@misc{mospi2023nas,
  author       = {{Ministry of Statistics and Programme Implementation (MoSPI)}},
  title        = {National Accounts Statistics 2023},
  year         = {2023},
  howpublished = {\url{https://mospi.gov.in}},
  note         = {Accessed 2025-06-24}
}

@misc{nsso2014,
  author       = {{National Sample Survey Office (NSSO)}},
  title        = {68th Round: Household Consumer Expenditure Survey 2011–12},
  year         = {2014},
  howpublished = {\url{https://mospi.gov.in}},
  note         = {Accessed 2025-06-24}
}

@misc{nsso2023,
  author       = {{National Sample Survey Office (NSSO)}},
  title        = {75th Round: Household Consumer Expenditure Survey 2022–23},
  year         = {2023},
  howpublished = {\url{https://mospi.gov.in}},
  note         = {Accessed 2025-06-24}
}

@misc{rbi2022mpr,
  author       = {{Reserve Bank of India}},
  title        = {Monetary Policy Report, April 2022},
  year         = {2022},
  howpublished = {\url{https://rbi.org.in}},
  note         = {Accessed 2025-06-24}
}

@misc{rbi2016currency,
  author       = {{Reserve Bank of India}},
  title        = {Report on Currency and Finance: Inflation Targeting in India},
  year         = {2016},
  howpublished = {\url{https://rbi.org.in}},
  note         = {Accessed 2025-06-24}
}
```
@techreport{abraham2020income,
  author    = {Abraham, R. and Basole, A.},
  title     = {Income Shock and Consumption Cuts During COVID-19 in India},
  institution = {Azim Premji University},
  year      = {2020},
  type      = {Working Paper}
}

@article{chaudhuri2018social,
  author    = {Chaudhuri, S. and Gupta, M.},
  title     = {Social Exclusion and Household Well-being in Uttar Pradesh},
  journal   = {Economic \& Political Weekly},
  volume    = {53},
  number    = {6},
  pages     = {45--53},
  year      = {2018}
}

@book{deaton1997analysis,
  author    = {Deaton, Angus},
  title     = {The Analysis of Household Surveys: A Microeconometric Approach to Development Policy},
  publisher = {World Bank Publications},
  year      = {1997}
}

@misc{desai2011ihds,
  author    = {Desai, S. and Dubey, A. and Joshi, B. L. and Sen, M. and Sharif, A. and Vanneman, R.},
  title     = {India Human Development Survey (IHDS)},
  year      = {2011},
  howpublished = {\url{https://ihds.umd.edu}}
}

@article{dreze2013pds,
  author    = {Dreze, Jean and Khera, Reetika},
  title     = {Rural Poverty and the Public Distribution System},
  journal   = {Economic \& Political Weekly},
  volume    = {48},
  number    = {45--46},
  pages     = {55--60},
  year      = {2013}
}

@article{dreze2017social,
  author    = {Dreze, Jean and Khera, Reetika},
  title     = {Recent Social Policy Initiatives in India},
  journal   = {World Development},
  volume    = {98},
  pages     = {555--572},
  year      = {2017}
}

@book{friedman1957consumption,
  author    = {Friedman, Milton},
  title     = {A Theory of the Consumption Function},
  publisher = {Princeton University Press},
  year      = {1957}
}

@incollection{himanshu2019poverty,
  author    = {Himanshu},
  title     = {Understanding Poverty and Inequality in India},
  booktitle = {India Development Report},
  publisher = {Oxford University Press},
  year      = {2019}
}

@techreport{kapoor2021covid,
  author    = {Kapoor, R. and Ravi, S.},
  title     = {COVID-19, Households and Consumption: Evidence from India},
  institution = {Brookings India},
  year      = {2021},
  type      = {Policy Paper}
}

@incollection{modigliani1954utility,
  author    = {Modigliani, Franco and Brumberg, Richard},
  title     = {Utility Analysis and the Consumption Function: An Interpretation of Cross-Section Data},
  booktitle = {Post-Keynesian Economics},
  year      = {1954},
  editor    = {Kurihara, K. K.},
  publisher = {Rutgers University Press}
}

@article{narayana2020family,
  author    = {Narayana, M. R. and Srinivasan, K.},
  title     = {Family Structure and Household Spending Patterns in India},
  journal   = {Asian Economic Journal},
  volume    = {34},
  number    = {3},
  pages     = {234--258},
  year      = {2020}
}

@article{pradhan2000education,
  author    = {Pradhan, M. and Subramanian, S.},
  title     = {Education, Household Expenditure and Gender Bias in India},
  journal   = {Oxford Development Studies},
  volume    = {28},
  number    = {1},
  pages     = {89--108},
  year      = {2000}
}

@article{rosenzweig1993wealth,
  author    = {Rosenzweig, M. R. and Binswanger, H. P.},
  title     = {Wealth, Weather Risk and the Composition and Profitability of Agricultural Investments},
  journal   = {Economic Journal},
  volume    = {103},
  number    = {416},
  pages     = {56--78},
  year      = {1993}
}

@techreport{singh2019digital,
  author    = {Singh, A. and Dey, S.},
  title     = {Digital India and Household Consumption: A New Era},
  institution = {National Council of Applied Economic Research (NCAER)},
  year      = {2019},
  type      = {Working Paper}
}

@article{sundaram2003poverty,
  author    = {Sundaram, K. and Tendulkar, S. D.},
  title     = {Poverty in India in the 1990s: An Analysis Based on NSS Data},
  journal   = {Economic \& Political Weekly},
  volume    = {38},
  number    = {14},
  pages     = {1385--1393},
  year      = {2003}
}

@article{becker1965allocation,
  author  = {Becker, Gary S.},
  title   = {A Theory of the Allocation of Time},
  journal = {The Economic Journal},
  volume  = {75},
  number  = {299},
  pages   = {493--517},
  year    = {1965}
}

@article{bhalla1975lifecycle,
  author  = {Bhalla, Surjit S.},
  title   = {Life-cycle Savings, Short-run Consumption Behavior, and Permanent Income Hypothesis: Evidence from Rural India},
  journal = {Economic and Political Weekly},
  volume  = {10},
  number  = {35},
  pages   = {1411--1419},
  year    = {1975}
}

@book{deaton1980economics,
  author    = {Deaton, Angus and Muellbauer, John},
  title     = {Economics and Consumer Behavior},
  publisher = {Cambridge University Press},
  year      = {1980}
}

@article{deaton2009food,
  author  = {Deaton, Angus and Dreze, Jean},
  title   = {Food and Nutrition in India: Facts and Interpretations},
  journal = {Economic and Political Weekly},
  volume  = {44},
  number  = {7},
  pages   = {42--65},
  year    = {2009}
}

@article{filmer2001wealth,
  author  = {Filmer, Deon and Pritchett, Lant H.},
  title   = {Estimating Wealth Effects without Expenditure Data—or Tears: An Application to Educational Enrollments in States of India},
  journal = {Demography},
  volume  = {38},
  number  = {1},
  pages   = {115--132},
  year    = {2001}
}

@techreport{jha2009food,
  author       = {Jha, Raghbendra and Biswal, Basanta and Biswal, Ujjayant},
  title        = {Food Consumption and Calorie Intake in Rural India: Implications for Food Security and Poverty},
  institution  = {Australian National University},
  type         = {Working Paper},
  year         = {2009},
  series       = {Working Papers in Economics and Econometrics}
}

@article{kumar2016determinants,
  author  = {Kumar, Surender and Aggarwal, Rashmi},
  title   = {Determinants of Household Consumption Expenditure in Rural India},
  journal = {Indian Journal of Economics and Development},
  volume  = {12},
  number  = {3},
  pages   = {505--510},
  year    = {2016}
}

@article{meenakshi2002household,
  author  = {Meenakshi, J. V. and Ray, Ranjan},
  title   = {Impact of Household Size and Family Composition on Poverty in Rural India},
  journal = {Journal of Policy Modeling},
  volume  = {24},
  number  = {6},
  pages   = {539--559},
  year    = {2002}
}

@article{narayana1989impact,
  author  = {Narayana, N. S. S. and Parikh, Kirit S.},
  title   = {Impact of Demographic Structure on Consumption, Savings, Demand for Consumer Durables, and Housing Demand: India, 1980--2000},
  journal = {Economic and Political Weekly},
  volume  = {24},
  number  = {7},
  pages   = {391--404},
  year    = {1989}
}

@misc{nfhs2021fact,
  author       = {{Ministry of Health and Family Welfare, Government of India}},
  title        = {National Family Health Survey (NFHS-5) India and Uttar Pradesh Fact Sheets},
  year         = {2021},
  howpublished = {\url{https://main.mohfw.gov.in}}
}

@article{pandey2022impact,
  author  = {Pandey, Shubham and Srivastava, Rajan and Sharma, Manisha},
  title   = {Impact of COVID-19 on Rural Household Economy: A Study of Uttar Pradesh},
  journal = {International Journal of Rural Management},
  volume  = {18},
  number  = {1},
  pages   = {46--62},
  year    = {2022}
}

@book{prais1955family,
  author    = {Prais, S. J. and Houthakker, H. S.},
  title     = {The Analysis of Family Budgets},
  publisher = {Cambridge University Press},
  year      = {1955}
}

@article{sarkar2010inequality,
  author  = {Sarkar, Sandip and Mehta, Balwant Singh},
  title   = {Income Inequality in India: Pre- and Post-Reform Periods},
  journal = {Economic and Political Weekly},
  volume  = {45},
  number  = {37},
  pages   = {45--55},
  year    = {2010}

}
@article{Engel1857,
  author       = {Engel, Ernst},
  title        = {Die Productions- und Consumtionsverhältnisse des Königreichs Sachsen},
  journal      = {Zeitschrift des Statistischen Bureaus des Königlich Sächsischen Ministeriums des Innern},
  year         = {1857},
  volume       = {8},
  pages        = {1--54},
  note         = {Original work introducing Engel's Law}
}


@book{Deaton1997,
  author       = {Deaton, Angus},
  title        = {The Analysis of Household Surveys: A Microeconometric Approach to Development Policy},
  publisher    = {Johns Hopkins University Press},
  year         = {1997},
  address      = {Baltimore, MD}
}

@article{JhaDang2017,
  author       = {Jha, Raghbendra and Dang, N.},
  title        = {Household Consumption and Asset Ownership in India: Implications for Poverty and Inequality},
  journal      = {Economic \& Political Weekly},
  year         = {2017},
  volume       = {52},
  number       = {21},
  pages        = {23--30}
}




@article{Haughton1996,
  author       = {Haughton, Jonathan},
  title        = {Household Expenditure Patterns in Developing Countries},
  journal      = {World Bank Economic Review},
  year         = {1996},
  volume       = {10},
  number       = {2},
  pages        = {247--271},
  doi          = {10.1093/wber/10.2.247}
}




@article{banerjee2007economic,
  title={The economic lives of the poor},
  author={Banerjee, Abhijit V. and Duflo, Esther},
  journal={Journal of Economic Perspectives},
  volume={21},
  number={1},
  pages={141--167},
  year={2007},
  publisher={American Economic Association},
  doi={10.1257/jep.21.1.141}
}
@article{ModiglianiBrumberg1954,
  author       = {Modigliani, Franco and Brumberg, Richard},
  title        = {Utility Analysis and the Consumption Function: An Interpretation of Cross-Section Data},
  journal      = {Post-Keynesian Economics},
  year         = {1954},
  note         = {Reprinted in Modigliani, F. (1980), *The Collected Papers of Franco Modigliani*, MIT Press}
}
@book{DeatonMuellbauer1980,
  author       = {Deaton, Angus and Muellbauer, John},
  title        = {Economics and Consumer Behavior},
  publisher    = {Cambridge University Press},
  year         = {1980}
}
@article{SundaramTendulkar2003,
  author       = {Sundaram, K. and Tendulkar, S. D.},
  title        = {Poverty among Social and Economic Groups in India in the 1990s},
  journal      = {Economic and Political Weekly},
  year         = {2003},
  volume       = {38},
  number       = {50},
  pages        = {5263--5276}
}
@article{NarayanaSrinivasan2020,
  author       = {Narayana, M. R. and Srinivasan, R.},
  title        = {Household Size, Dependency Ratios and Consumption Patterns: Evidence from Uttar Pradesh},
  journal      = {Indian Journal of Human Development},
  year         = {2020},
  volume       = {14},
  number       = {1},
  pages        = {45--62}
}
@article{PradhanSubramanian2000,
  author       = {Pradhan, M. and Subramanian, S.},
  title        = {Consumption Patterns and Educational Attainment in India},
  journal      = {Journal of Development Studies},
  year         = {2000},
  volume       = {36},
  number       = {1},
  pages        = {138--161}
}
@article{DesaiDubey2012,
  author       = {Desai, Sonalde and Dubey, Amaresh},
  title        = {Caste in 21st Century India: Competing Narratives},
  journal      = {Economic and Political Weekly},
  year         = {2012},
  volume       = {46},
  number       = {11},
  pages        = {40--49}
}

@book{ThoratNewman2010,
  author       = {Thorat, Sukhadeo and Newman, Katherine S.},
  title        = {Blocked by Caste: Economic Discrimination in Modern India},
  publisher    = {Oxford University Press},
  year         = {2010}
}
@article{Dercon2004,
  author       = {Dercon, Stefan},
  title        = {Growth and Shocks: Evidence from Rural Ethiopia},
  journal      = {Journal of Development Economics},
  year         = {2004},
  volume       = {74},
  number       = {2},
  pages        = {309--329}
}
@misc{CensusIndia2011,
  author       = {{Census of India}},
  title        = {Provisional Population Totals},
  year         = {2011},
  howpublished = {\url{https://censusindia.gov.in/}},
  note         = {Government of India}
}

@misc{NSSO2023,
  author       = {{National Sample Survey Office (NSSO)}},
  title        = {Household Consumption Expenditure Survey 2022-23},
  year         = {2023},
  howpublished = {\url{https://mospi.gov.in/}},
  note         = {Ministry of Statistics and Programme Implementation, Government of India}
}

@book{PlanningCommission2014,
  author       = {{Planning Commission}},
  title        = {Twelfth Five Year Plan (2012--2017): Faster, More Inclusive and Sustainable Growth},
  year         = {2014},
  publisher    = {Government of India}
}

@misc{GovtUP2020,
  author       = {{Government of Uttar Pradesh}},
  title        = {Economic Survey 2019-20},
  year         = {2020},
  howpublished = {Directorate of Economics and Statistics, Uttar Pradesh}
}

@misc{NFHS52019,
  author       = {{National Family Health Survey (NFHS-5)}},
  title        = {Key Indicators for Uttar Pradesh},
  year         = {2019--21},
  howpublished = {Ministry of Health and Family Welfare, Government of India}
}
@article{ChatterjeeSomanathan2020,
  author    = {Chatterjee, S. and Somanathan, R.},
  title     = {Consumption inequality and regional divergence in Uttar Pradesh},
  journal   = {Economic and Political Weekly},
  year      = {2020},
  volume    = {55},
  number    = {12},
  pages     = {40--48},
  note      = {Available at: https://www.epw.in/}
}

@article{ChaudhuriGupta2018,
  author    = {Chaudhuri, S. and Gupta, S.},
  title     = {Socio-economic disparities and consumption patterns among Scheduled Caste and Muslim households in Uttar Pradesh},
  journal   = {Journal of Development Studies},
  year      = {2018},
  volume    = {54},
  number    = {9},
  pages     = {1601--1618},
  doi       = {10.1080/00220388.2017.1325711}
}
@article{AbrahamBasole2020,
  author    = {Abraham, R. and Basole, A.},
  title     = {How Lives Have Changed: A Post-Lockdown Survey of Informal Workers},
  journal   = {Centre for Sustainable Employment, Azim Premji University},
  year      = {2020},
  note      = {Available at: \url{https://cse.azimpremjiuniversity.edu.in}}
}
@misc{CMIE2022,
  author    = {{Centre for Monitoring Indian Economy}},
  title     = {Consumer Pyramids Household Survey (CPHS) 2020-2022},
  year      = {2022},
  note      = {Available at: \url{https://consumerpyramidsdx.cmie.com}}
}
@article{DevSengupta2020,
  author    = {Dev, S. Mahendra and Sengupta, Rajeswari},
  title     = {Covid-19: Impact on the Indian Economy and the Way Forward},
  journal   = {Indira Gandhi Institute of Development Research (IGIDR) Working Paper},
  year      = {2020},
  number    = {2020-013},
  url       = {http://www.igidr.ac.in/pdf/publication/WP-2020-013.pdf}
}
@article{Khandker2020,
  author    = {Khandker, Shahidur R. and Samad, Hussain A. and Ali, Rubaba},
  title     = {Evaluating the Impact of the Ujjwala Yojana: Evidence from Rural India},
  journal   = {Energy Policy},
  volume    = {146},
  pages     = {111812},
  year      = {2020},
  doi       = {10.1016/j.enpol.2020.111812}
}
@article{MehtaKapoor2021,
  author  = {Mehta, Ananya and Kapoor, Raghav},
  title   = {Digital Inclusion and Changing Consumption Patterns in Rural India},
  journal = {Economic and Political Weekly},
  volume  = {56},
  number  = {15},
  pages   = {45--53},
  year    = {2021}
}
@report{RBI2021,
  author = {{Reserve Bank of India}},
  title  = {Report on Trends and Progress of Banking in India 2020--21},
  year   = {2021},
  institution = {Reserve Bank of India},
  url    = {https://www.rbi.org.in/Scripts/AnnualPublications.aspx?head=Trends+and+Progress+of+Banking+in+India}
}
@article{SinghDey2019,
  author  = {Singh, Amit and Dey, Suman},
  title   = {Digital payments and consumption patterns in rural India: An emerging transformation},
  journal = {Journal of Rural Development Studies},
  volume  = {35},
  number  = {2},
  pages   = {87--104},
  year    = {2019}
}
@report{WorldBank2018,
  author = {{World Bank}},
  title  = {Digital Financial Inclusion in India},
  institution = {World Bank},
  year = {2018},
  url = {https://documents.worldbank.org/en/publication/documents-reports/documentdetail/099926112152216145/ID-PP-Digital-Financial-Inclusion-in-India}
}
@article{MehrotraSingh2021,
  author  = {Mehrotra, Santosh and Singh, Ravi},
  title   = {Digital inclusion and changing household consumption in rural India: Evidence from Uttar Pradesh},
  journal = {Economic and Political Weekly},
  volume  = {56},
  number  = {3},
  pages   = {45--53},
  year    = {2021}
}
@report{NITIAayog2020,
  author = {{NITI Aayog}},
  title  = {Digital transformation in rural India: Trends and challenges},
  year   = {2020},
  institution = {Government of India},
  url    = {https://www.niti.gov.in/sites/default/files/2020-12/Digital_India_Report.pdf}
}
@article{KunduMitra2024,
  author  = {Kundu, Arjun and Mitra, Rina},
  title   = {Household Consumption Patterns in Post-Pandemic India: An Integrated Approach},
  journal = {Journal of Economic Studies},
  volume  = {51},
  number  = {2},
  pages   = {234--258},
  year    = {2024}
}
